
@book{adhikari2014advances,
  title={Advances in knowledge discovery in databases},
  author={Adhikari, Animesh and Adhikari, Jhimli},
  volume={79},
  year={2014},
  address={Cham},
  publisher={Springer}
}

@article{baker2010data,
  title={Data mining for education},
  author={Baker, RSJD and others},
  journal={International encyclopedia of education},
  volume={7},
  number={3},
  pages={112--118},
  year={2010},
  publisher={Oxford, UK: Elsevier}
}

@phdthesis{borges2006reduccao,
  title={Redu{\c{c}}{\~a}o de Dimensionalidade em Bases de Dados de Express{\~a}o G{\^e}nica},
  author={Borges, HELYANE BRONOSKI and Nievola, JC},
  year={2006},
  school={Disserta{\c{c}}{\~a}o de Mestrado, PPGIa-PUCPR}
}

@incollection{bousbia2014contribution,
  title={Which Contribution Does EDM Provide to Computer-Based Learning Environments?},
  author={Bousbia, Nabila and Belamri, Idriss},
  booktitle={Educational data mining},
  pages={3--28},
  address={Cham},
  year={2014},
  publisher={Springer}
}

@book{bramer2007principles,
  title={Principles of data mining},
  author={Bramer, Max},
  volume={180},
  year={2007},
  address={London},
  publisher={Springer}
}

@book{cios2012data,
  title={Data mining methods for knowledge discovery},
  author={Cios, Krzysztof J and Pedrycz, Witold and Swiniarski, Roman W},
  volume={458},
  address={New York},
  year={2012},
  publisher={Springer Science \& Business Media}
}

@article{costa2013mineraccao,
  title={Minera{\c{c}}{\~a}o de Dados Educacionais: Conceitos, T{\'e}cnicas, Ferramentas e Aplica{\c{c}}{\~o}es},
  author={Costa, Evandro and Baker, Ryan SJd and Amorim, Lucas and Magalh{\~a}es, Jonathas and Marinho, Tarsis},
  journal={Jornada de Atualiza{\c{c}}{\~a}o em Inform{\'a}tica na Educa{\c{c}}{\~a}o},
  volume={1},
  number={1},
  pages={1--29},
  year={2013}
}

@article{fayyad1996data,
  title={From data mining to knowledge discovery in databases},
  author={Fayyad, Usama and Piatetsky-Shapiro, Gregory and Smyth, Padhraic},
  journal={AI magazine},
  volume={17},
  number={3},
  pages={37},
  year={1996}
}

@article{fayyad1996kdd,
  title={The KDD process for extracting useful knowledge from volumes of data},
  author={Fayyad, Usama and Piatetsky-Shapiro, Gregory and Smyth, Padhraic},
  journal={Communications of the ACM},
  volume={39},
  number={11},
  pages={27--34},
  year={1996},
  publisher={ACM}
}

@book{freitas2013data,
  title={Data mining and knowledge discovery with evolutionary algorithms},
  author={Freitas, Alex A},
  address={Berlin},
  year={2013},
  publisher={Springer Science \& Business Media}
}

@book{garcia2015data,
  title={Data preprocessing in data mining},
  author={Garc{\'\i}a, Salvador and Luengo, Juli{\'a}n and Herrera, Francisco},
  year={2015},
  address={Cham},
  publisher={Springer}
}

@article{han2000data,
  title={Data mining: concepts and techniques (the Morgan Kaufmann Series in data management systems)},
  author={Han, Jiawei and Kamber, Micheline},
  year={2000},
  address={San Francisco},
  publisher={Morgan Kaufmann}
}

@book{han2011data,
  title={Data mining: concepts and techniques},
  author={Han, Jiawei and Pei, Jian and Kamber, Micheline},
  address={Waltham},
  year={2011},
  publisher={Elsevier}
}

@book{hilderman2013knowledge,
  title={Knowledge discovery and measures of interest},
  author={Hilderman, Robert and Hamilton, Howard J},
  volume={638},
  address={New York},
  year={2013},
  publisher={Springer Science \& Business Media}
}

@book{kantardzic2011data,
  title={Data mining: concepts, models, methods, and algorithms},
  author={Kantardzic, Mehmed},
  address={Hoboken},
  year={2011},
  publisher={John Wiley \& Sons}
}

@book{larose2014discovering,
  title={Discovering knowledge in data: an introduction to data mining},
  author={Larose, Daniel T},
  address={Hoboken},
  year={2014},
  publisher={John Wiley \& Sons}
}

@book{liu2012feature,
  title={Feature selection for knowledge discovery and data mining},
  author={Liu, Huan and Motoda, Hiroshi},
  volume={454},
  address={New York},
  year={2012},
  publisher={Springer Science \& Business Media}
}

@book{maulik2006advanced,
  title={Advanced methods for knowledge discovery from complex data},
  author={Maulik, Ujjwal and Holder, Lawrence B and Cook, Diane J},
  address={New York},
  year={2006},
  publisher={Springer Science \& Business Media}
}

@inproceedings{merceron2005educational,
  title={Educational Data Mining: a Case Study.},
  author={Merceron, Agathe and Yacef, Kalina},
  booktitle={AIED},
  address={Amsterdam},
  pages={467--474},
  year={2005}
}

@article{olvera2010review,
  title={A review of instance selection methods},
  author={Olvera-L{\'o}pez, J Arturo and Carrasco-Ochoa, J Ariel and Mart{\'\i}nez-Trinidad, J Francisco and Kittler, Josef},
  journal={Artificial Intelligence Review},
  volume={34},
  number={2},
  pages={133--143},
  year={2010},
  publisher={Springer}
}

@book{osborne2012best,
  title={Best practices in data cleaning: A complete guide to everything you need to do before and after collecting your data},
  author={Osborne, Jason W},
  address={Thousand Oaks},
  year={2012},
  publisher={Sage Publications}
}

@article{passos2005data,
  title={Data Mining: um guia pr{\'a}tico},
  author={Passos, Emmanuel and Goldschmidt, Ronaldo},
  journal={Editora Campus, Rio de Janeiro},
  year={2005}
}

@article{porto2005bases,
  title={Bases da psicopedagogia: diagn{\'o}stico e interven{\c{c}}{\~a}o nos problemas de aprendizagem},
  author={Porto, Ol{\'\i}via},
  journal={Rio de Janeiro: Wak},
  pages={11--52},
  year={2005}
}

@book{quilici2015sistemas,
  title={Sistemas Inteligentes e Minera{\c{c}}{\~a}o de Dados},
  author={Quilici-Gonzalez, Jos{\'e} Artur and de Assis Zampirolli, Francisco},
  address={Santo André},
  publisher={Universidade Federal do ABC},
  year={2015}
}

@book{refaat2010data,
  title={Data preparation for data mining using SAS},
  author={Refaat, Mamdouh},
  address={San Francisco},
  year={2010},
  publisher={Morgan Kaufmann}
}

@article{romero2013data,
  title={Data mining in education},
  author={Romero, Cristobal and Ventura, Sebastian},
  journal={Wiley Interdisciplinary Reviews: Data Mining and Knowledge Discovery},
  volume={3},
  number={1},
  pages={12--27},
  year={2013},
  publisher={Wiley Online Library}
}

@book{romero2010handbook,
  title={Handbook of educational data mining},
  author={Romero, Crist√≥ bal and Ventura, Sebasti√° n and Pechenizkiy, Mykola and Baker, Ryan SJD},
  address={New York},
  year={2010},
  publisher={CRC Press}
}

@incollection{romero2014survey,
  title={A survey on pre-processing educational data},
  author={Romero, Crist{\'o}bal and Romero, Jos{\'e} Ra{\'u}l and Ventura, Sebasti{\'a}n},
  booktitle={Educational data mining},
  pages={29--64},
  address={Cham},
  year={2014},
  publisher={Springer}
}

@incollection{scheuer2012educational,
  title={Educational data mining},
  author={Scheuer, Oliver and McLaren, Bruce M},
  booktitle={Encyclopedia of the Sciences of Learning},
  pages={1075--1079},
  address={New York},
  year={2012},
  publisher={Springer}
}

@article{silva2014disturbios,
  title={Dist{\'u}rbios fonol{\'o}gicos e aprendizagem da l{\'\i}ngua portuguesa: um estudo de caso},
  author={Silva, Alcione Vieira da},
  year={2014}
}

@book{witten2011data,
  title={Data Mining: Practical machine learning tools and techniques},
  author={Witten, Ian H and Frank, Eibe and Hall and Mark A},
  address={Burlington},
  year={2011},
  publisher={Morgan Kaufmann}
}

@book{zhang2004knowledge,
  title={Knowledge discovery in multiple databases},
  author={Zhang, Shichao and Zhang, Chengqi and Wu, Xindong},
  address={London},
  year={2004},
  publisher={Springer Science \& Business Media}
}
